@Manual{R-base,
  title = {R: A Language and Environment for Statistical Computing},
  author = {{R Core Team}},
  organization = {R Foundation for Statistical Computing},
  address = {Vienna, Austria},
  year = {2015},
  url = {https://www.R-project.org/},
}
@Manual{R-papaja,
  author = {Frederik Aust and Marius Barth},
  title = {papaja: Create APA manuscripts with RMarkdown},
  year = {2015},
  note = {R package version 0.1.0.9054},
  url = {https://github.com/crsh/papaja},
}
@Manual{R-foreign,
  title = {foreign: Read Data Stored by Minitab, S, SAS, SPSS, Stata, Systat, Weka,
dBase, ...},
  author = {{R Core Team}},
  year = {2015},
  note = {R package version 0.8-66},
  url = {https://CRAN.R-project.org/package=foreign},
}
